    @BOOK{Pravidla,
      author =       "{Kolektiv autorù}",
      title =        "Pravidla èeského pravopisu",
      publisher =    "Academia",
      year =         "2005",
      note =         "ISBN~80-200-1327-X",
    }
    
    @BOOK{idm,
      author =       "Ella Deon Lackey",
      title =        "Red Hat Enterprise Linux 6 Identity Management Guide",
      year =         "2013",
			pages = 				{5022--5025},
			url = 					{http://www.test.org/doe/},
    }
 
    @BOOK{ldap,
      author =       "Timothy A. Howes Ph.D., Mark C. Smith, Gordon S. Good",
      title =        "Understanding and Deploying LDAP Directory Services",
      publisher =    "Addison Wesley",
      year =         "2003",
      note =         "0-672-32316-8",
    }
    
    @BOOK{Rybicka,
      author =       "Jiøí Rybièka",
      title =        "{\LaTeX} pro zaèáteèníky",
      publisher =    "Konvoj",
      year =         "1999",
      note =         "ISBN~80-85615-77-0",
    }

    @BOOK{Olsak,
      author =       "Petr Ol¹ák",
      title =        "{\TeX}book naruby",
      publisher =    "Konvoj",
      year =         "2001",
      note =         "ISBN~80-7302-0007-6",
    }

    @BOOK{Eikh,
      author =       "Victor Eikhout",
      title =        "{\TeX}by Topics, a {\TeX}nitian's Reference ",
      publisher =    "Addison-Wesley UK",
      year =         "2001",
      note =         "ISBN~0-201-56882-9",
    }

   @MISC{cstugWeb,
      author =       "{WWW stránky}",  
      title =        "Èeskoslovenské sdru¾ení u¾ivatelù {\TeX}u",
      howpublished=  "{\tt http://www.cstug.cz}",
   }

   @MISC{fitWeb,
      author =       "Z. Rábová and P. Hanáèek and P. Peringer and P. Pøikryl and B. Køena",  
      title =        "U¾iteèné rady pro psaní odborného textu [online]",
      publisher =    "FIT VUT v Brnì",
      year =         "2008-11-01 [cit. 2008-11-28]",
      howpublished=  "{\tt http://www.fit.vutbr.cz/info/statnice/psani\_textu.html}",
   }
